@article{abbaszadeh2019,
  title = {The Reproducing Kernel Particle {{Petrov}}--{{Galerkin}} Method for Solving Two-Dimensional Nonstationary Incompressible {{Boussinesq}} Equations},
  author = {Abbaszadeh, Mostafa and Dehghan, Mehdi},
  year = {2019},
  month = sep,
  journal = {Engineering Analysis with Boundary Elements},
  volume = {106},
  pages = {300--308},
  issn = {0955-7997},
  urldate = {2021-02-13},
  langid = {english}
}

@article{armero2000,
  title = {On the Locking and Stability of Finite Elements in Finite Deformation Plane Strain Problems p},
  author = {Armero, F},
  year = {2000},
  journal = {Computers and Structures},
  pages = {30},
  langid = {english}
}

@article{arnold1984,
  title = {A Stable Finite Element for the {{Stokes}} Equations},
  author = {Arnold, D. N. and Brezzi, F. and Fortin, M.},
  year = {1984},
  month = dec,
  journal = {CALCOLO},
  volume = {21},
  pages = {337--344},
  publisher = {Springer-Verlag},
  issn = {1126-5434},
  urldate = {2021-02-04},
  copyright = {1984 Instituto di Elaborazione della Informazione del CNR},
  langid = {english}
}

@article{askes1999,
  title = {Conditions for Locking-Free Elasto-Plastic Analyses in the {{Element-Free Galerkin}} Method},
  author = {Askes, Harm and {de Borst}, Ren{\'e} and Heeres, Otto},
  year = {1999},
  month = apr,
  journal = {Computer Methods in Applied Mechanics and Engineering},
  volume = {173},
  pages = {99--109},
  issn = {00457825},
  urldate = {2020-03-09},
  langid = {english}
}

@article{auricchio2005,
  title = {A Stability Study of Some Mixed Finite Elements for Large Deformation Elasticity Problems},
  author = {Auricchio, F. and {Beir{\~a}o da Veiga}, L. and Lovadina, C. and Reali, A.},
  year = {2005},
  month = mar,
  journal = {Computer Methods in Applied Mechanics and Engineering},
  volume = {194},
  pages = {1075--1092},
  issn = {0045-7825},
  urldate = {2021-02-10},
  langid = {english}
}

@article{auricchio2010,
  title = {The Importance of the Exact Satisfaction of the Incompressibility Constraint in Nonlinear Elasticity: Mixed {{FEMs}} versus {{NURBS-based}} Approximations},
  shorttitle = {The Importance of the Exact Satisfaction of the Incompressibility Constraint in Nonlinear Elasticity},
  author = {Auricchio, F. and {Beir{\~a}o da Veiga}, L. and Lovadina, C. and Reali, A.},
  year = {2010},
  month = jan,
  journal = {Computer Methods in Applied Mechanics and Engineering},
  series = {Computational {{Geometry}} and {{Analysis}}},
  volume = {199},
  pages = {314--323},
  issn = {0045-7825},
  urldate = {2021-02-10},
  langid = {english}
}

@article{auricchio2013,
  title = {Approximation of Incompressible Large Deformation Elastic Problems: Some Unresolved Issues},
  shorttitle = {Approximation of Incompressible Large Deformation Elastic Problems},
  author = {Auricchio, Ferdinando and {Beir{\~a}o da Veiga}, Louren{\c c}o and Lovadina, Carlo and Reali, Alessandro and Taylor, Robert L. and Wriggers, Peter},
  year = {2013},
  month = nov,
  journal = {Computational Mechanics},
  volume = {52},
  pages = {1153--1167},
  issn = {1432-0924},
  urldate = {2021-01-21},
  langid = {english}
}

@article{babuska1997a,
  title = {The {{Babu{\v s}ka-Brezzi}} Condition and the Patch Test: An Example},
  shorttitle = {The {{Babu{\v s}ka-Brezzi}} Condition and the Patch Test},
  author = {Babu{\v s}ka, I. and Narasimhan, R.},
  year = {1997},
  month = jan,
  journal = {Computer Methods in Applied Mechanics and Engineering},
  volume = {140},
  pages = {183--199},
  issn = {00457825},
  urldate = {2020-03-10},
  langid = {english}
}

@incollection{babuskaa,
  title = {Eigenvalue {{Problems}}},
  author = {Babu{\v s}ka, I. and Osborn, J.},
  langid = {english}
}

@article{bathe,
  title = {The Inf-Sup Condition and Its Evaluation for Mixed Finite Element Methods},
  author = {Bathe, Klaus J{\"u}rgen},
  journal = {Computers and Structures},
  volume = {79},
  pages = {243--252}
}

@book{bathe1996,
  title = {Finite {{Element Procedures}}},
  author = {Bathe, Klaus J{\"u}rgen},
  year = {1996},
  publisher = {Prentice Hall},
  address = {Englewood Cliffs, New Jersey},
  isbn = {978-0-13-301458-7},
  langid = {english},
  lccn = {TA347.F5 B36 1996}
}

@article{bathe2001,
  title = {The Inf--Sup Condition and Its Evaluation for Mixed Finite Element Methods},
  author = {Bathe, Klaus-J{\"u}rgen},
  year = {2001},
  month = jan,
  journal = {Computers \& Structures},
  volume = {79},
  pages = {243--252},
  issn = {0045-7949},
  urldate = {2020-11-20},
  langid = {english}
}

@article{bernardi2016,
  title = {Continuity Properties of the Inf-Sup Constant for the Divergence},
  author = {Bernardi, Christine and Costabel, Martin and Dauge, Monique and Girault, Vivette},
  year = {2016},
  month = jan,
  journal = {arXiv:1510.03978 [math]},
  eprint = {1510.03978},
  primaryclass = {math},
  urldate = {2021-04-12},
  archiveprefix = {arxiv}
}

@article{bombarde2022,
  title = {Hellinger--{{Reissner}} Principle Based Stress--Displacement Formulation for Three-Dimensional Isogeometric Analysis in Linear Elasticity},
  author = {Bombarde, Dhiraj S. and Agrawal, Manish and Gautam, Sachin S. and Nandy, Arup},
  year = {2022},
  month = may,
  journal = {Computer Methods in Applied Mechanics and Engineering},
  volume = {394},
  pages = {114920},
  issn = {0045-7825},
  urldate = {2022-04-21},
  langid = {english}
}

@article{bonet1998,
  title = {A Simple Averaged Nodal Pressure Tetrahedral Element for Nearly Incompressible Dynamic Explicit Applications},
  author = {Bonet, Javier and Burton, {\relax AJ}},
  year = {1998},
  month = may,
  journal = {Communications in Numerical Methods in Engineering},
  volume = {14},
  pages = {437--449}
}

@article{boys2021,
  title = {{{PeriPy}} - {{A}} High Performance {{OpenCL}} Peridynamics Package},
  author = {Boys, B. and Dodwell, T. J. and Hobbs, M. and Girolami, M.},
  year = {2021},
  month = dec,
  journal = {Computer Methods in Applied Mechanics and Engineering},
  volume = {386},
  pages = {114085},
  issn = {0045-7825},
  urldate = {2021-09-03},
  langid = {english}
}

@article{braess,
  title = {A {{FINITE ELEMENT METHOD FOR NEARLY INCOMPRESSIBLE ELASTICITY PROBLEMS}}},
  author = {Braess, Dietrich and Ming, Pingbing},
  pages = {28},
  langid = {english}
}

@article{brezzi,
  title = {Studies of Finite Element Procedures the Inf-Sup Condition Equivalent Forms and Applications},
  author = {Brezzi, Franco and Bathe, Klaus J{\"u}rgen}
}

@book{brezzi0000,
  title = {Mixed and {{Hybrid Finite Element Methods}}},
  author = {Brezzi, Franco and Fortin, Michel},
  year = {0000 uu},
  isbn = {978-1-4612-3172-1},
  langid = {english},
  annotation = {OCLC: 1159215469}
}

@article{brezzi1974,
  title = {On the Existence, Uniqueness and Approximation of Saddle-Point Problems Arising from Lagrangian Multipliers},
  author = {Brezzi, F.},
  year = {1974},
  journal = {Revue fran{\c c}aise d'automatique, informatique, recherche op{\'e}rationnelle. Analyse num{\'e}rique},
  volume = {8},
  pages = {129--151},
  issn = {0397-9342},
  urldate = {2020-03-15},
  langid = {english}
}

@article{brezzi1989,
  title = {Mixed-Interpolated Elements for {{Reissner}}--{{Mindlin}} Plates},
  author = {Brezzi, Franco and Bathe, Klaus-J{\"u}rgen and Fortin, Michel},
  year = {1989},
  journal = {International Journal for Numerical Methods in Engineering},
  volume = {28},
  pages = {1787--1801},
  issn = {1097-0207},
  urldate = {2020-12-01},
  copyright = {Copyright {\copyright} 1989 John Wiley \& Sons, Ltd},
  langid = {english}
}

@article{brezzi1990,
  title = {A Discourse on the Stability Conditions for Mixed Finite Element Formulations},
  author = {Brezzi, Franco and Bathe, Klaus-J{\"u}rgen},
  year = {1990},
  month = sep,
  journal = {Computer Methods in Applied Mechanics and Engineering},
  series = {Proceedings of the {{Workshop}} on {{Reliability}} in {{Computational Mechanics}}},
  volume = {82},
  pages = {27--57},
  issn = {0045-7825},
  urldate = {2020-12-01},
  langid = {english}
}

@article{brink1996,
  title = {On Some Mixed Finite Element Methods for Incompressible and Nearly Incompressible Finite Elasticity},
  author = {Brink, U. and Stein, E.},
  year = {1996},
  month = nov,
  journal = {Computational Mechanics},
  volume = {19},
  pages = {105--119},
  issn = {1432-0924},
  urldate = {2022-03-03},
  langid = {english}
}

@article{broccardo2009,
  title = {Assumed-Deformation Gradient Finite Elements with Nodal Integration for Nearly Incompressible Large Deformation Analysis},
  author = {Broccardo, M. and Micheloni, M. and Krysl, P.},
  year = {2009},
  journal = {International Journal for Numerical Methods in Engineering},
  volume = {78},
  pages = {1113--1134},
  issn = {1097-0207},
  urldate = {2021-01-21},
  copyright = {Copyright {\copyright} 2008 John Wiley \& Sons, Ltd.},
  langid = {english}
}

@article{chapelle1993,
  title = {The Inf-Sup Test},
  author = {Chapelle, D. and Bathe, K. J.},
  year = {1993},
  month = jun,
  journal = {Computers \& Structures},
  volume = {47},
  pages = {537--545},
  issn = {0045-7949},
  urldate = {2020-11-20},
  langid = {english}
}

@article{chen1994,
  title = {Consistent Finite Element Procedures for Nonlinear Rubber Elasticity with a Higher Order Strain Energy Function},
  author = {Chen, J. S. and Satyamurthy, K. and Hirschfelt, L. R.},
  year = {1994},
  month = mar,
  journal = {Computers \& Structures},
  volume = {50},
  pages = {715--727},
  issn = {0045-7949},
  urldate = {2020-03-04},
  langid = {english}
}

@article{chen1996,
  title = {A Pressure Projection Method for Nearly Incompressible Rubber Hyperelasticity, {{Part I}}: {{Theory}}},
  shorttitle = {A {{Pressure Projection Method}} for {{Nearly Incompressible Rubber Hyperelasticity}}, {{Part I}}},
  author = {Chen, Jiun Shyan and Pan, Chunhui},
  year = {1996},
  month = dec,
  journal = {Journal of Applied Mechanics},
  volume = {63},
  pages = {862--868},
  issn = {0021-8936, 1528-9036},
  urldate = {2020-02-09},
  langid = {english}
}

@article{chen1996a,
  title = {A Pressure Projection Method for Nearly Incompressible Rubber Hyperelasticity, {{Part II}}: {{Applications}}},
  shorttitle = {A {{Pressure Projection Method}} for {{Nearly Incompressible Rubber Hyperelasticity}}, {{Part II}}},
  author = {Chen, Jiun Shyan and Wu, Cheng Tang and Pan, Chunhui},
  year = {1996},
  month = dec,
  journal = {Journal of Applied Mechanics},
  volume = {63},
  pages = {869--876},
  issn = {0021-8936},
  urldate = {2020-02-09},
  langid = {english}
}

@article{chen2000,
  title = {An Improved Reproducing Kernel Particle Method for Nearly Incompressible Finite Elasticity},
  author = {Chen, Jiun Shyan and Yoon, Sangpil and Wang, Hui Ping and Liu, Wing Kam},
  year = {2000},
  journal = {Computer Methods in Applied Mechanics and Engineering},
  volume = {181},
  pages = {117--145},
  issn = {0045-7825},
  langid = {english}
}

@misc{chenb,
  title = {Inf-Sup Condition},
  author = {Chen, Long},
  urldate = {2020-03-03}
}

@article{cheng,
  title = {{{INF-SUP CONDITIONS FOR OPERATOR EQUATIONS}}},
  author = {Chen, Long},
  langid = {english}
}

@article{cheng2002,
  title = {Analysis of the Checkerboard Mode and Inf-Sup Condition},
  author = {Cheng, Xiao-liang and Ye, Xingde},
  year = {2002},
  month = apr,
  journal = {Communications in Numerical Methods in Engineering},
  volume = {18},
  pages = {451--458},
  issn = {10698299},
  urldate = {2020-03-21},
  langid = {english}
}

@article{chi2014,
  title = {A Weighted Collocation on the Strong Form with Mixed Radial Basis Approximations for Incompressible Linear Elasticity},
  author = {Chi, Sheng Wei and Chen, Jiun Shyan and Hu, Hsin Yun},
  year = {2014},
  month = feb,
  journal = {Computational Mechanics},
  volume = {53},
  pages = {309--324},
  issn = {0178-7675, 1432-0924},
  urldate = {2020-03-12},
  langid = {english}
}

@book{christ2003,
  title = {A {{Mixed Finite Element Formulation}} for {{Incompressibility Using Linear Displacment}} and {{Presure Interpolations}}},
  editor = {Christ, D.},
  year = {2003},
  series = {Monograph {{CIMNE}}},
  edition = {1. ed},
  publisher = {International Center for Numerical Methods in Engineering},
  address = {Barcelona},
  isbn = {978-84-95999-35-1},
  langid = {english},
  annotation = {OCLC: 255772404}
}

@article{coombs2018,
  title = {Overcoming Volumetric Locking in Material Point Methods},
  author = {Coombs, William M. and Charlton, Tim J. and Cortis, Michael and Augarde, Charles E.},
  year = {2018},
  month = may,
  journal = {Computer Methods in Applied Mechanics and Engineering},
  volume = {333},
  pages = {1--21},
  issn = {0045-7825},
  urldate = {2020-02-08},
  langid = {english}
}

@article{crouzeix1973,
  title = {Conforming and Nonconforming Finite Element Methods for Solving the Stationary {{Stokes}} Equations {{I}}},
  author = {Crouzeix, M. and Raviart, P.A.},
  year = {1973},
  journal = {Revue fran{\c c}aise d'automatique informatique recherche op{\'e}rationnelle. Math{\'e}matique},
  volume = {7},
  pages = {33--75},
  issn = {0397-9334},
  langid = {english}
}

@article{dohrmann2004,
  title = {A Stabilized Finite Element Method for the {{Stokes}} Problem Based on Polynomial Pressure Projections},
  author = {Dohrmann, Clark R. and Bochev, Pavel B.},
  year = {2004},
  journal = {International Journal for Numerical Methods in Fluids},
  volume = {46},
  pages = {183--201},
  issn = {1097-0363},
  urldate = {2021-02-25},
  langid = {english}
}

@article{dolbow1999a,
  title = {Volumetric Locking in the Element Free {{Galerkin}} Method},
  author = {Dolbow, John and Belytschko, Ted},
  year = {1999},
  journal = {International Journal for Numerical Methods in Engineering},
  volume = {46},
  pages = {925--942},
  issn = {1097-0207},
  copyright = {Copyright {\copyright} 1999 John Wiley \& Sons, Ltd.},
  langid = {english}
}

@article{dvorkin,
  title = {On the Convergence of Incompressible Finite Element Formulations: The {{Patch Test}} and the {{Inf-Sup}} Condition},
  author = {Dvorkin, Eduardo N},
  pages = {21},
  langid = {english}
}

@article{elguedj2008,
  title = {{{B}}{\textasciimacron} and {{F}}{\textasciimacron} Projection Methods for Nearly Incompressible Linear and Non-Linear Elasticity and Plasticity Using Higher-Order {{NURBS}} Elements},
  author = {Elguedj, T. and Bazilevs, Y. and Calo, V.M. and Hughes, T.J.R.},
  year = {2008},
  month = jun,
  journal = {Computer Methods in Applied Mechanics and Engineering},
  volume = {197},
  pages = {2732--2762},
  publisher = {North-Holland},
  issn = {0045-7825},
  urldate = {2020-11-09},
  langid = {english}
}

@article{elmer2012,
  title = {A Stable, Meshfree, Nodal Integration Method for Nearly Incompressible Solids},
  author = {Elmer, William and Chen, J.S. and Puso, Mike and Taciroglu, Ertugrul},
  year = {2012},
  month = apr,
  journal = {Finite Elements in Analysis and Design},
  volume = {51},
  pages = {81--85},
  issn = {0168874X},
  urldate = {2020-02-15},
  langid = {english}
}

@article{farajigargari2018,
  title = {Mixed {{Discrete Least Squares Meshfree}} Method for Solving the Incompressible {{Navier}}--{{Stokes}} Equations},
  author = {Faraji Gargari, S. and Kolahdoozan, M. and Afshar, M. H.},
  year = {2018},
  month = mar,
  journal = {Engineering Analysis with Boundary Elements},
  volume = {88},
  pages = {64--79},
  issn = {0955-7997},
  urldate = {2021-02-13},
  langid = {english}
}

@article{farrell2021,
  title = {Mixed {{Kirchhoff}} Stress--Displacement--Pressure Formulations for Incompressible Hyperelasticity},
  author = {Farrell, Patrick E. and Gatica, Luis F. and Lamichhane, Bishnu P. and Oyarz{\'u}a, Ricardo and {Ruiz-Baier}, Ricardo},
  year = {2021},
  month = feb,
  journal = {Computer Methods in Applied Mechanics and Engineering},
  volume = {374},
  pages = {113562},
  issn = {0045-7825},
  urldate = {2020-12-03},
  langid = {english}
}

@article{faruque2024,
  title = {Locking-Free Isogeometric Discretizations of Linear Plane {{Timoshenko}} Rods: {{LAS}} Elements},
  shorttitle = {Locking-Free Isogeometric Discretizations of Linear Plane {{Timoshenko}} Rods},
  author = {Faruque, Md Sadman and Casquero, Hugo},
  year = {2024},
  month = may,
  journal = {Computer Methods in Applied Mechanics and Engineering},
  volume = {425},
  pages = {116918},
  issn = {0045-7825},
  urldate = {2024-03-25}
}

@article{fries2006,
  title = {A Stabilized and Coupled Meshfree/Meshbased Method for the Incompressible {{Navier}}--{{Stokes}} Equations---{{Part I}}: {{Stabilization}}},
  shorttitle = {A Stabilized and Coupled Meshfree/Meshbased Method for the Incompressible {{Navier}}--{{Stokes}} Equations---{{Part I}}},
  author = {Fries, Thomas Peter and Matthies, Hermann Georg},
  year = {2006},
  month = sep,
  journal = {Computer Methods in Applied Mechanics and Engineering},
  volume = {195},
  pages = {6205--6224},
  issn = {00457825},
  urldate = {2020-03-12},
  langid = {english}
}

@article{fu2019,
  title = {A Modeling and Resolution Framework for Wrinkling in Hyperelastic Sheets at Finite Membrane Strain},
  author = {Fu, C. and Wang, T. and Xu, F. and Huo, Y. and {Potier-Ferry}, M.},
  year = {2019},
  month = mar,
  journal = {Journal of the Mechanics and Physics of Solids},
  volume = {124},
  pages = {446--470},
  issn = {0022-5096},
  urldate = {2021-02-03},
  langid = {english}
}

@article{gallistl2019,
  title = {Rayleigh--{{Ritz}} Approximation of the Inf-Sup Constant for the Divergence},
  author = {Gallistl, Dietmar},
  year = {2019},
  journal = {Mathematics of Computation},
  volume = {88},
  pages = {73--89},
  issn = {0025-5718, 1088-6842},
  urldate = {2021-04-12},
  langid = {english}
}

@article{gallistl2021,
  title = {A {{Posteriori Error Analysis}} of the Inf-Sup {{Constant}} for the {{Divergence}}},
  author = {Gallistl, Dietmar},
  year = {2021},
  month = jan,
  journal = {SIAM Journal on Numerical Analysis},
  pages = {249--264},
  publisher = {{Society for Industrial and Applied Mathematics}},
  issn = {0036-1429},
  urldate = {2021-01-27}
}

@article{gerbeau,
  title = {The {{Finite Element Method}} for {{Fluid Mechanics}}},
  author = {Gerbeau, Jean-Frederic and Farhat, Charbel},
  pages = {21},
  langid = {english}
}

@article{goh2018,
  title = {A Stabilised Mixed Meshfree Method for Incompressible Media: {{Application}} to Linear Elasticity and {{Stokes}} Flow},
  shorttitle = {A Stabilised Mixed Meshfree Method for Incompressible Media},
  author = {Goh, Chun Meng and Nielsen, Poul Michael F{\o}nss and Nash, Martyn Peter},
  year = {2018},
  month = feb,
  journal = {Computer Methods in Applied Mechanics and Engineering},
  volume = {329},
  pages = {575--598},
  issn = {0045-7825},
  urldate = {2021-02-03},
  langid = {english}
}

@article{guo2000,
  title = {Triangular Composite Finite Elements},
  author = {Guo, Yong and Ortiz, Michael and Belytschko, Ted and Repetto, Eduardo A.},
  year = {2000},
  month = jan,
  journal = {International Journal for Numerical Methods in Engineering},
  volume = {47},
  pages = {287--316},
  issn = {0029-5981},
  urldate = {2020-02-15}
}

@article{harish2023,
  title = {Alleviation Techniques for Volumetric Locking in Elements Based on the Absolute Nodal Coordinate Formulation},
  author = {Harish, Ajay B. and Matikainen, Marko K.},
  year = {2023},
  month = oct,
  journal = {Finite Elements in Analysis and Design},
  volume = {224},
  pages = {103990},
  issn = {0168-874X},
  urldate = {2024-04-13}
}

@article{hartmann1986,
  title = {The Discrete {{Babu{\v s}ka-Brezzi}} Condition},
  author = {Hartmann, F.},
  year = {1986},
  month = may,
  journal = {Ingenieur-Archiv},
  volume = {56},
  pages = {221--228},
  issn = {1432-0681},
  urldate = {2020-11-09},
  langid = {english}
}

@article{herrmann1965,
  title = {Elasticity Equations for Incompressible and Nearly Incompressible Materials by a Variational Theorem.},
  author = {Herrmann, Leonard R.},
  year = {1965},
  month = oct,
  journal = {AIAA Journal},
  volume = {3},
  pages = {1896--1900},
  issn = {0001-1452, 1533-385X},
  urldate = {2020-03-12},
  langid = {english}
}

@article{hood1974,
  title = {Navier-{{Stokes}} Equations Using Mixed Interpolation},
  author = {Hood, P and Taylor, C},
  year = {1974},
  journal = {Finite element methods in flow problems},
  pages = {121--132}
}

@article{hu2012,
  title = {A Displacement-Based Nonlinear Finite Element Formulation Using Meshfree-Enriched Triangular Elements for the Two-Dimensional Large Deformation Analysis of Elastomers},
  author = {Hu, W. and Wu, C. T. and Koishi, M.},
  year = {2012},
  month = mar,
  journal = {Finite Elements in Analysis and Design},
  volume = {50},
  pages = {161--172},
  issn = {0168-874X},
  urldate = {2020-02-15},
  langid = {english}
}

@article{huerta2001,
  title = {Locking in the Incompressible Limit for the Element-free {{Galerkin}} Method},
  author = {Huerta, Antonio and Fern{\'a}ndez-M{\'e}ndez, Sonia},
  year = {2001},
  month = aug,
  journal = {International Journal for Numerical Methods in Engineering},
  volume = {51},
  pages = {1361--1383},
  issn = {00295981, 10970207},
  urldate = {2020-02-07},
  langid = {english}
}

@article{huerta2004a,
  title = {Pseudo-Divergence-Free Element Free {{Galerkin}} Method for Incompressible Fluid Flow},
  author = {Huerta, Antonio and Vidal, Yolanda and Villon, Pierre},
  year = {2004},
  month = mar,
  journal = {Computer Methods in Applied Mechanics and Engineering},
  volume = {193},
  pages = {1119--1136},
  issn = {00457825},
  urldate = {2020-03-06},
  langid = {english}
}

@article{hughes1980,
  title = {Generalization of Selective Integration Procedures to Anisotropic and Nonlinear Media},
  author = {Hughes, Thomas J. R.},
  year = {1980},
  month = sep,
  journal = {International Journal for Numerical Methods in Engineering},
  volume = {15},
  pages = {1413--1418},
  issn = {0029-5981, 1097-0207},
  urldate = {2020-02-12},
  langid = {english}
}

@article{hughes1986,
  title = {A New Finite Element Formulation for Computational Fluid Dynamics: {{V}}. {{Circumventing}} the Babu{\v s}ka-Brezzi Condition: A Stable {{Petrov-Galerkin}} Formulation of the Stokes Problem Accommodating Equal-Order Interpolations},
  shorttitle = {A New Finite Element Formulation for Computational Fluid Dynamics},
  author = {Hughes, Thomas J. R. and Franca, Leopoldo P. and Balestra, Marc},
  year = {1986},
  month = nov,
  journal = {Computer Methods in Applied Mechanics and Engineering},
  volume = {59},
  pages = {85--99},
  issn = {0045-7825},
  urldate = {2021-02-13},
  langid = {english}
}

@book{hughes2000,
  title = {The {{Finite Element Method}}: {{Linear Static}} and {{Dynamic Finite Element Analysis}}},
  author = {Hughes, Thomas J.R.},
  year = {2000},
  publisher = {Dover Publications},
  address = {Mineola, New York}
}

@article{john2017,
  title = {On the {{Divergence Constraint}} in {{Mixed Finite Element Methods}} for {{Incompressible Flows}}},
  author = {John, Volker and Linke, Alexander and Merdon, Christian and Neilan, Michael and Rebholz, Leo G.},
  year = {2017},
  month = jan,
  journal = {SIAM Review},
  volume = {59},
  pages = {492--544},
  publisher = {{Society for Industrial and Applied Mathematics}},
  issn = {0036-1445},
  urldate = {2021-01-04}
}

@article{kadapa2021,
  title = {On the Advantages of Mixed Formulation and Higher-Order Elements for Computational Morphoelasticity},
  author = {Kadapa, Chennakesava and Li, Zhanfeng and Hossain, Mokarram and Wang, Jiong},
  year = {2021},
  month = mar,
  journal = {Journal of the Mechanics and Physics of Solids},
  volume = {148},
  pages = {104289},
  issn = {0022-5096},
  urldate = {2021-02-03},
  langid = {english}
}

@article{karabelas2022,
  title = {An Accurate, Robust, and Efficient Finite Element Framework with Applications to Anisotropic, Nearly and Fully Incompressible Elasticity},
  author = {Karabelas, Elias and Gsell, Matthias A. F. and Haase, Gundolf and Plank, Gernot and Augustin, Christoph M.},
  year = {2022},
  month = may,
  journal = {Computer Methods in Applied Mechanics and Engineering},
  volume = {394},
  pages = {114887},
  issn = {0045-7825},
  urldate = {2022-04-11},
  langid = {english}
}

@article{khan2018,
  title = {Robust Error Estimation for Lowest-Order Approximation of Nearly Incompressible Elasticity},
  author = {Khan, Arbaz and Powell, Catherine E. and Silvester, David J.},
  year = {2018},
  month = jan,
  journal = {arXiv:1801.04122 [math]},
  eprint = {1801.04122},
  primaryclass = {math},
  urldate = {2020-02-08},
  archiveprefix = {arxiv}
}

@article{klaus-jurgen,
  title = {An Inf-Sup Test for Shell Finite Elements},
  author = {{Klaus-Jurgen}, Bathe and Alexander, Iosilevich and Dominique, Chapelle},
  journal = {Computers \& Structures},
  volume = {75},
  pages = {439--456},
  urldate = {2020-03-21}
}

@article{kosloff1978,
  title = {{Treatment of hourglass patterns in low order finite element codes}},
  author = {Kosloff, Dan and Frazier, Gerald A.},
  year = {1978},
  journal = {International Journal for Numerical and Analytical Methods in Geomechanics},
  volume = {2},
  pages = {57--72},
  issn = {1096-9853},
  urldate = {2020-03-15},
  copyright = {Copyright {\copyright} 1978 John Wiley \& Sons, Ltd},
  langid = {french}
}

@article{le2012,
  title = {A Locking-Free Stabilized Kinematic {{EFG}} Model for Plane Strain Limit Analysis},
  author = {Le, C.V. and Askes, H. and Gilbert, M.},
  year = {2012},
  month = sep,
  journal = {Computers \& Structures},
  volume = {106--107},
  pages = {1--8},
  issn = {00457949},
  urldate = {2020-02-15},
  langid = {english}
}

@article{lederer2020,
  title = {Divergence-Free Tangential Finite Element Methods for Incompressible Flows on Surfaces},
  author = {Lederer, Philip L. and Lehrenfeld, Christoph and Sch{\"o}berl, Joachim},
  year = {2020},
  journal = {International Journal for Numerical Methods in Engineering},
  volume = {121},
  pages = {2503--2533},
  issn = {1097-0207},
  urldate = {2020-02-19},
  copyright = {{\copyright} 2020 The Authors. International Journal for Numerical Methods in Engineering published by John Wiley \& Sons Ltd.},
  langid = {english}
}

@article{lia,
  title = {An Efficient Solid Shell Material Point Method for Large Deformation of Thin Structures},
  author = {Li, Jiasheng and Ni, Ruichen and Zeng, Zhixin and Zhang, Xiong},
  journal = {International Journal for Numerical Methods in Engineering},
  volume = {n/a},
  issn = {1097-0207},
  urldate = {2023-10-07},
  copyright = {{\copyright} 2023 John Wiley \& Sons Ltd.},
  langid = {english}
}

@article{liu1985,
  title = {Finite Element Stabilization Matrices-a Unification Approach},
  author = {Liu, Wing Kam and Ong, Jame Shau-Jen and Uras, Rasim Aziz},
  year = {1985},
  month = oct,
  journal = {Computer Methods in Applied Mechanics and Engineering},
  volume = {53},
  pages = {13--46},
  issn = {00457825},
  urldate = {2020-02-12},
  langid = {english}
}

@article{liu1994,
  title = {Multiple Quadrature Underintegrated Finite Elements},
  author = {Liu, Wing Kam and Hu, Yu-Kan and Belytschko, Ted},
  year = {1994},
  month = oct,
  journal = {International Journal for Numerical Methods in Engineering},
  volume = {37},
  pages = {3263--3289},
  issn = {0029-5981, 1097-0207},
  urldate = {2020-02-11},
  langid = {english}
}

@article{liu2020,
  title = {A Functional Approach towards Eigenvalue Problems Associated with Incompressible Flow},
  author = {Liu, Shuang and Lou, Yuan},
  year = {2020},
  journal = {Discrete \& Continuous Dynamical Systems - A},
  volume = {40},
  pages = {3715},
  publisher = {American Institute of Mathematical Sciences},
  urldate = {2020-12-09},
  copyright = {http://creativecommons.org/licenses/by/3.0/},
  langid = {english}
}

@article{lovadina2003,
  title = {On the Enhanced Strain Technique for Elasticity Problems},
  author = {Lovadina, C. and Auricchio, F.},
  year = {2003},
  month = may,
  journal = {Computers \& Structures},
  series = {K.{{J Bathe}} 60th {{Anniversary Issue}}},
  volume = {81},
  pages = {777--787},
  issn = {0045-7949},
  urldate = {2021-02-10},
  langid = {english}
}

@article{malkus1978,
  title = {Mixed Finite Element Methods - {{Reduced}} and Selective Integration Techniques: {{A}} Unification of Concepts},
  shorttitle = {Mixed Finite Element Methods --- {{Reduced}} and Selective Integration Techniques},
  author = {Malkus, David S. and Hughes, Thomas J.R.},
  year = {1978},
  month = jul,
  journal = {Computer Methods in Applied Mechanics and Engineering},
  volume = {15},
  pages = {63--81},
  issn = {00457825},
  langid = {english}
}

@article{malkus1981,
  title = {Eigenproblems Associated with the Discrete {{LBB}} Condition for Incompressible Finite Elements},
  author = {Malkus, D. S.},
  year = {1981},
  month = jan,
  journal = {International Journal of Engineering Science},
  volume = {19},
  pages = {1299--1310},
  issn = {0020-7225},
  urldate = {2020-11-20},
  langid = {english}
}

@article{malkus1984,
  title = {Obtaining Error Estimates for Optimally Constrained Incompressible Finite Elements},
  author = {Malkus, David S. and Olsen, Elwood T.},
  year = {1984},
  month = sep,
  journal = {Computer Methods in Applied Mechanics and Engineering},
  volume = {45},
  pages = {331--353},
  issn = {0045-7825},
  urldate = {2021-02-10},
  langid = {english}
}

@article{martin2004,
  title = {A {{Six-Node Curved Triangular Element}} and a {{Four-Node Quadrilateral Element}} for {{Analysis}} of {{Laminated Composite Aerospace Structures}}},
  author = {Martin, C Wayne and Breiner, David M},
  year = {2004},
  pages = {58},
  langid = {english}
}

@article{moutsanidis2020,
  title = {Treatment of Near-Incompressibility in Meshfree and Immersed-Particle Methods},
  author = {Moutsanidis, Georgios and Koester, Jacob J. and Tupek, Michael R. and Chen, Jiun-Shyan and Bazilevs, Yuri},
  year = {2020},
  month = mar,
  journal = {Computational Particle Mechanics},
  volume = {7},
  pages = {309--327},
  issn = {2196-4378, 2196-4386},
  urldate = {2020-03-13},
  langid = {english}
}

@article{moutsanidis2021,
  title = {Reduced Quadrature for {{FEM}}, {{IGA}} and Meshfree Methods},
  author = {Moutsanidis, Georgios and Li, Weican and Bazilevs, Yuri},
  year = {2021},
  month = jan,
  journal = {Computer Methods in Applied Mechanics and Engineering},
  volume = {373},
  pages = {113521},
  issn = {0045-7825},
  urldate = {2020-11-09},
  langid = {english}
}

@article{nagashima1999,
  title = {Node-by-Node Meshless Approach and Its Applications to Structural Analyses},
  author = {Nagashima, Toshio},
  year = {1999},
  pages = {45},
  langid = {english}
}

@article{nagtegaal1974,
  title = {On Numerically Accurate Finite Element Solutions in the Fully Plastic Range},
  author = {Nagtegaal, J.C. and Parks, D.M. and Rice, J.R.},
  year = {1974},
  month = sep,
  journal = {Computer Methods in Applied Mechanics and Engineering},
  volume = {4},
  pages = {153--177},
  issn = {0045-7825},
  urldate = {2020-02-07},
  langid = {english}
}

@article{navas2018,
  title = {U--w Formulation for Dynamic Problems in Large Deformation Regime Solved through an Implicit Meshfree Scheme},
  author = {Navas, Pedro and Sanavia, Lorenzo and {L{\'o}pez-Querol}, Susana and Yu, Rena C.},
  year = {2018},
  month = oct,
  journal = {Computational Mechanics},
  volume = {62},
  pages = {745--760},
  issn = {0178-7675, 1432-0924},
  urldate = {2020-03-12},
  langid = {english}
}

@article{neunteufel2021,
  title = {Three-Field Mixed Finite Element Methods for Nonlinear Elasticity},
  author = {Neunteufel, Michael and Pechstein, Astrid S. and Sch{\"o}berl, Joachim},
  year = {2021},
  month = aug,
  journal = {Computer Methods in Applied Mechanics and Engineering},
  volume = {382},
  pages = {113857},
  issn = {0045-7825},
  urldate = {2021-05-05},
  langid = {english}
}

@incollection{oden,
  title = {Finite {{Elements}}: {{An Introduction}}},
  author = {Oden, Tinsley},
  langid = {english}
}

@article{ortiz-benardin2015,
  title = {Meshfree Volume-Averaged Nodal Projection Method for Nearly-Incompressible Elasticity Using Meshfree and Bubble Basis Functions},
  author = {{Ortiz-Benardin}, Alejandro and Hale, Jack and Cyron, Christian J.},
  year = {2015},
  month = mar,
  journal = {Computer Methods in Applied Mechanics \& Engineering},
  volume = {285},
  issn = {0045-7825},
  urldate = {2020-02-15},
  langid = {english}
}

@article{ortiz-bernardin2015,
  title = {Improved Robustness for Nearly-Incompressible Large Deformation Meshfree Simulations on {{Delaunay}} Tessellations},
  author = {{Ortiz-Bernardin}, A. and Puso, M.A. and Sukumar, N.},
  year = {2015},
  month = aug,
  journal = {Computer Methods in Applied Mechanics and Engineering},
  volume = {293},
  pages = {348--374},
  issn = {00457825},
  urldate = {2020-02-15},
  langid = {english}
}

@article{ortiz2010,
  title = {Maximum-Entropy Meshfree Method for Compressible and near-Incompressible Elasticity},
  author = {Ortiz, A. and Puso, M.A. and Sukumar, N.},
  year = {2010},
  month = may,
  journal = {Computer Methods in Applied Mechanics and Engineering},
  volume = {199},
  pages = {1859--1871},
  issn = {00457825},
  urldate = {2020-02-15},
  langid = {english}
}

@article{osmolovskii1989,
  title = {Effect of the Incompressibility Condition on the Stability of the Solutions of Ill-Posed Problems of the Theory of Elasticity},
  author = {Osmolovskii, V. G.},
  year = {1989},
  month = may,
  journal = {Journal of Soviet Mathematics},
  volume = {45},
  pages = {1154--1162},
  issn = {1573-8795},
  urldate = {2021-02-10},
  langid = {english}
}

@article{palaniappan2011,
  title = {A General Solution of Equations of Equilibrium in Linear Elasticity},
  author = {Palaniappan, D.},
  year = {2011},
  month = dec,
  journal = {Applied Mathematical Modelling},
  volume = {35},
  pages = {5494--5499},
  issn = {0307-904X},
  urldate = {2020-08-12},
  langid = {english}
}

@article{pantuso1997,
  title = {On the Stability of Mixed Finite Elements in Large Strain Analysis of Incompressible Solids},
  author = {Pantuso, Daniel and Bathe, Klaus J{\"u}rgen},
  year = {1997},
  month = dec,
  journal = {Finite Elements in Analysis and Design},
  volume = {28},
  pages = {83--104},
  issn = {0168-874X},
  urldate = {2021-02-28},
  langid = {english}
}

@book{philippeg.2013,
  title = {Linear and {{Nonlinear Functional Analysis}} with {{Applications}}},
  author = {Philippe G., Ciarlet},
  year = {2013},
  publisher = {{SIAM-Society for Industrial and Applied Mathematics}},
  address = {Philadelphia}
}

@article{poya,
  title = {Variational Schemes and Mixed Finite Elements for Large Strain Isotropic Elasticity in Principal Stretches: {{Closed-form}} Tangent Eigensystems, Convexity Conditions, and Stabilised Elasticity},
  shorttitle = {Variational Schemes and Mixed Finite Elements for Large Strain Isotropic Elasticity in Principal Stretches},
  author = {Poya, Roman and Ortigosa, Rogelio and Gil, Antonio J.},
  journal = {International Journal for Numerical Methods in Engineering},
  volume = {n/a},
  issn = {1097-0207},
  urldate = {2023-05-09},
  langid = {english}
}

@article{reese2000,
  title = {A New Locking-Free Brick Element Technique for Large Deformation Problems in Elasticity},
  author = {Reese, S. and Wriggers, P. and Reddy, B. D.},
  year = {2000},
  month = apr,
  journal = {Computers \& Structures},
  volume = {75},
  pages = {291--304},
  issn = {0045-7949},
  urldate = {2024-04-22}
}

@article{ren2002,
  title = {Bifurcation of Cavitation Solutions for Incompressible Transversely Isotropic Hyper-Elastic Materials},
  author = {Ren, Jui-Sheng and Cheng, Chang-Jun},
  year = {2002},
  month = nov,
  journal = {Journal of Engineering Mathematics},
  volume = {44},
  pages = {245--257},
  issn = {1573-2703},
  urldate = {2021-02-02},
  langid = {english}
}

@incollection{roberts1991,
  title = {Mixed and Hybrid Methods},
  booktitle = {Handbook of {{Numerical Analysis}}},
  author = {Roberts, J.E. and Thomas, J.-M.},
  year = {1991},
  volume = {2},
  pages = {523--639},
  publisher = {Elsevier},
  urldate = {2023-09-04},
  isbn = {978-0-444-70365-1},
  langid = {english}
}

@article{rodriguez2023,
  title = {A Variationally Consistent Reproducing Kernel Enhanced Material Point Method and Its Applications to Incompressible Materials},
  author = {Rodriguez, Cameron and Huang, Tsung-Hui},
  year = {2023},
  month = sep,
  journal = {Computational Mechanics},
  pages = {1--20},
  publisher = {Springer Berlin Heidelberg},
  issn = {1432-0924},
  urldate = {2023-09-18},
  copyright = {2023 The Author(s), under exclusive licence to Springer-Verlag GmbH Germany, part of Springer Nature},
  langid = {english}
}

@article{rohan2014,
  title = {Finite Element Modelling of Nearly Incompressible Materials and Volumetric Locking: A Case Study},
  shorttitle = {Finite Element Modelling of Nearly Incompressible Materials and Volumetric Locking},
  author = {Rohan, Pierre-Yves and Lobos, Claudio and Nazari, Mohammad Ali and Perrier, Pascal and Payan, Yohan},
  year = {2014},
  month = aug,
  journal = {Computer Methods in Biomechanics and Biomedical Engineering},
  volume = {17},
  pages = {192--193},
  urldate = {2020-02-06}
}

@article{rossi2021,
  title = {A Stabilised Displacement-Volumetric Strain Formulation for Nearly Incompressible and Anisotropic Materials},
  author = {Rossi, R. and Zorrilla, R. and Codina, R.},
  year = {2021},
  month = apr,
  journal = {Computer Methods in Applied Mechanics and Engineering},
  volume = {377},
  pages = {113701},
  issn = {0045-7825},
  urldate = {2021-02-17},
  langid = {english}
}

@article{salgado2012,
  title = {A {{Note}} on the {{Lady{\v z}enskaja-Babu{\v s}ka-Brezzi Condition}}},
  author = {Salgado, Abner J. and Guzman, Johnny and Sayas, Francisco-Javier},
  year = {2012},
  month = mar,
  journal = {Journal of Scientific Computing},
  volume = {56},
  eprint = {1203.1870},
  pages = {219--229},
  issn = {1573-7691},
  urldate = {2020-03-10},
  archiveprefix = {arxiv},
  langid = {english}
}

@article{saloustros2021,
  title = {Accurate and Locking-Free Analysis of Beams, Plates and Shells Using Solid Elements},
  author = {Saloustros, Savvas and Cervera, Miguel and Kim, Sungchul and Chiumenti, Michele},
  year = {2021},
  month = jan,
  journal = {Computational Mechanics},
  issn = {1432-0924},
  urldate = {2021-01-23},
  langid = {english}
}

@article{sani1981,
  title = {The Cause and Cure (?) Of the Spurious Pressures Generated by Certain {{FEM}} Solutions of the Incompressible {{Navier-Stokes}} Equations: {{Part}} 1},
  shorttitle = {The Cause and Cure (?},
  author = {Sani, R. L. and Gresho, P. M. and Lee, R. L. and Griffiths, D. F.},
  year = {1981},
  month = jan,
  journal = {International Journal for Numerical Methods in Fluids},
  volume = {1},
  pages = {17--43},
  issn = {0271-2091, 1097-0363},
  urldate = {2020-03-21},
  langid = {english}
}

@article{shamim2024,
  title = {Variational Three-Field Reduced Order Modeling for Nearly Incompressible Materials},
  author = {Shamim, Muhammad Babar and Wulfinghoff, Stephan},
  year = {2024},
  month = apr,
  journal = {Computational Mechanics},
  pages = {1--15},
  publisher = {Springer Berlin Heidelberg},
  issn = {1432-0924},
  urldate = {2024-04-02},
  copyright = {2024 The Author(s)},
  langid = {english}
}

@article{shilt2020,
  title = {Solution of Nearly Incompressible Field Problems Using a Generalized Finite Element Approach},
  author = {Shilt, Troy and Deshmukh, Rohit and McNamara, Jack J. and O'Hara, Patrick J.},
  year = {2020},
  month = aug,
  journal = {Computer Methods in Applied Mechanics and Engineering},
  volume = {368},
  pages = {113165},
  publisher = {North-Holland},
  issn = {0045-7825},
  urldate = {2020-06-09},
  langid = {english}
}

@article{simo1985,
  title = {Variational and Projection Methods for the Volume Constraint in Finite Deformation Elasto-Plasticity},
  author = {Simo, J.C. and Taylor, R.L. and Pister, K.S.},
  year = {1985},
  month = sep,
  journal = {Computer Methods in Applied Mechanics and Engineering},
  volume = {51},
  pages = {177--208},
  issn = {00457825},
  urldate = {2020-03-12},
  langid = {english}
}

@article{simo1986,
  title = {On the {{Variational Foundations}} of {{Assumed Strain Methods}}},
  author = {Simo, J. C. and Hughes, T. J. R.},
  year = {1986},
  month = mar,
  journal = {Journal of Applied Mechanics},
  volume = {53},
  pages = {51--54},
  issn = {0021-8936, 1528-9036},
  urldate = {2020-02-12},
  langid = {english}
}

@article{simo1990,
  title = {A Class of Mixed Assumed Strain Methods and the Method of Incompatible Modes},
  author = {Simo, J. C. and Rifai, M. S.},
  year = {1990},
  journal = {International Journal for Numerical Methods in Engineering},
  volume = {29},
  pages = {1595--1638},
  issn = {1097-0207},
  urldate = {2021-03-03},
  langid = {english}
}

@article{speyer,
  title = {{{INJECTIVE}}, {{SURJECTIVE AND INVERTIBLE}}},
  author = {Speyer, David},
  pages = {3},
  langid = {english}
}

@book{stein2004,
  title = {Encyclopedia of {{Computational Mechanics}}},
  editor = {Stein, Erwin and de Borst, Ren{\'e} and Hughes, Thomas J. R.},
  year = {2004},
  publisher = {John Wiley},
  address = {Chichester, West Sussex},
  isbn = {978-0-470-84699-5},
  langid = {english},
  lccn = {TA350 .E53 2004},
  annotation = {OCLC: ocm55800932}
}

@article{stolarski1986,
  title = {On the Equivalence of Mode Decomposition and Mixed Finite Elements Based on the Hellinger-Reissner Principle. Part {{I}}: {{Theory}}},
  shorttitle = {On the Equivalence of Mode Decomposition and Mixed Finite Elements Based on the Hellinger-Reissner Principle. Part {{I}}},
  author = {Stolarski, H. and Belytschko, T.},
  year = {1986},
  month = nov,
  journal = {Computer Methods in Applied Mechanics and Engineering},
  volume = {58},
  pages = {249--263},
  issn = {00457825},
  urldate = {2020-02-19},
  langid = {english}
}

@article{stolarski1986a,
  title = {On the Equivalence of Mode Decomposition and Mixed Finite Elements Based on the Hellinger-Reissner Principle. {{Part II}}: {{Applications}}},
  shorttitle = {On the Equivalence of Mode Decomposition and Mixed Finite Elements Based on the Hellinger-Reissner Principle. {{Part II}}},
  author = {Stolarski, H. and Belytschko, T.},
  year = {1986},
  month = nov,
  journal = {Computer Methods in Applied Mechanics and Engineering},
  volume = {58},
  pages = {265--284},
  issn = {00457825},
  urldate = {2020-02-19},
  langid = {english}
}

@article{suri1996,
  title = {Analytical and Computational Assessment of Locking in the Hp Finite Element Method},
  author = {Suri, Manil},
  year = {1996},
  month = jul,
  journal = {Computer Methods in Applied Mechanics and Engineering},
  volume = {133},
  pages = {347--371},
  issn = {00457825},
  urldate = {2020-02-07},
  langid = {english}
}

@incollection{suzuki,
  title = {Eigenvalue {{Problems}}},
  author = {Suzuki, Takashi},
  langid = {english}
}

@article{tan1989,
  title = {Finite Element Solution of {{Prandtl}}'s Flat Punch Problem},
  author = {Tan, T. -M. and Li, S. and Chou, P. C.},
  year = {1989},
  month = dec,
  journal = {Finite Elements in Analysis and Design},
  volume = {6},
  pages = {173--186},
  issn = {0168-874X},
  urldate = {2020-11-30},
  langid = {english}
}

@article{taylor2011,
  title = {Isogeometric Analysis of Nearly Incompressible Solids},
  author = {Taylor, R. L.},
  year = {2011},
  journal = {International Journal for Numerical Methods in Engineering},
  volume = {87},
  pages = {273--288},
  issn = {1097-0207},
  urldate = {2020-11-09},
  langid = {english}
}

@article{tran-cong1982,
  title = {General Solutions of the {{Stokes}}' Flow Equations},
  author = {{Tran-Cong}, Ton and Blake, J. R},
  year = {1982},
  month = nov,
  journal = {Journal of Mathematical Analysis and Applications},
  volume = {90},
  pages = {72--84},
  issn = {0022-247X},
  urldate = {2021-02-22},
  langid = {english}
}

@article{vadala-roth2020,
  title = {Stabilization Approaches for the Hyperelastic Immersed Boundary Method for Problems of Large-Deformation Incompressible Elasticity},
  author = {{Vadala-Roth}, Ben and Acharya, Shashank and Patankar, Neelesh A. and Rossi, Simone and Griffith, Boyce E.},
  year = {2020},
  month = jun,
  journal = {Computer Methods in Applied Mechanics and Engineering},
  volume = {365},
  pages = {112978},
  issn = {0045-7825},
  urldate = {2021-01-21},
  langid = {english}
}

@article{valverde-gonzalez2023,
  title = {Locking Treatment of Penalty-Based Gradient-Enhanced Damage Formulation for Failure of Compressible and Nearly Incompressible Hyperelastic Materials},
  author = {{Valverde-Gonz{\'a}lez}, A. and Reinoso, J. and Dortdivanlioglu, B. and Paggi, M.},
  year = {2023},
  month = mar,
  journal = {Computational Mechanics},
  issn = {1432-0924},
  urldate = {2023-03-28},
  langid = {english}
}

@article{vidal2003,
  title = {Locking in the Incompressible Limit: Pseudo-Divergence-Free Element Free {{Galerkin}}},
  shorttitle = {Locking in the Incompressible Limit},
  author = {Vidal, Yolanda and Villon, Pierre and Huerta, Antonio},
  year = {2003},
  journal = {Communications in Numerical Methods in Engineering},
  volume = {19},
  pages = {725--735},
  issn = {1099-0887},
  urldate = {2020-03-06},
  copyright = {Copyright {\copyright} 2003 John Wiley \& Sons, Ltd.},
  langid = {english}
}

@article{viebahn2018,
  title = {A Simple and Efficient {{Hellinger}}--{{Reissner}} Type Mixed Finite Element for Nearly Incompressible Elasticity},
  author = {Viebahn, Nils and Steeger, K. and Schr{\"o}der, J.},
  year = {2018}
}

@book{vossen,
  title = {Volumetric {{Locking}} in {{Fnite Elements}}},
  author = {Vossen, Bart},
  langid = {english}
}

@article{vu-huu2019,
  title = {A High-Order Mixed Polygonal Finite Element for Incompressible {{Stokes}} Flow Analysis},
  author = {{Vu-Huu}, T. and {Le-Thanh}, C. and {Nguyen-Xuan}, H. and {Abdel-Wahab}, M.},
  year = {2019},
  month = nov,
  journal = {Computer Methods in Applied Mechanics and Engineering},
  volume = {356},
  pages = {175--198},
  issn = {00457825},
  urldate = {2020-03-21},
  langid = {english}
}

@incollection{wahlbin1991,
  title = {Local Behavior in Finite Element Methods},
  booktitle = {Handbook of {{Numerical Analysis}}},
  author = {Wahlbin, Lars B.},
  year = {1991},
  volume = {2},
  pages = {353--522},
  publisher = {Elsevier},
  urldate = {2023-09-04},
  isbn = {978-0-444-70365-1},
  langid = {english}
}

@article{wang2016,
  title = {A Locking-Free Weak {{Galerkin}} Finite Element Method for Elasticity Problems in the Primal Formulation},
  author = {Wang, Chunmei and Wang, Junping and Wang, Ruishu and Zhang, Ran},
  year = {2016},
  month = dec,
  journal = {Journal of Computational and Applied Mathematics},
  volume = {307},
  pages = {346--366},
  issn = {03770427},
  urldate = {2020-03-06},
  langid = {english}
}

@article{wang2020d,
  title = {A Weighted Meshfree Collocation Method for Incompressible Flows Using Radial Basis Functions},
  author = {Wang, Lihua and Qian, Zhihao and Zhou, Yueting and Peng, Yongbo},
  year = {2020},
  month = jan,
  journal = {Journal of Computational Physics},
  volume = {401},
  pages = {108964},
  issn = {0021-9991},
  urldate = {2021-01-21},
  langid = {english}
}

@article{wang2021b,
  title = {Consistent Immersed Volumetric {{Nitsche}} Methods for Composite Analysis},
  author = {Wang, Jiarui and Zhou, Guohua and Hillman, Michael and Madra, Anna and Bazilevs, Yuri and Du, Jing and Su, Kangning},
  year = {2021},
  month = nov,
  journal = {Computer Methods in Applied Mechanics and Engineering},
  volume = {385},
  pages = {114042},
  issn = {0045-7825},
  urldate = {2021-08-19},
  langid = {english}
}

@article{wei2016,
  title = {A Stabilized Nodally Integrated Meshfree Formulation for Fully Coupled Hydro-Mechanical Analysis of Fluid-Saturated Porous Media},
  author = {Wei, Haoyan and Chen, Jiun Shyan and Hillman, Michael},
  year = {2016},
  month = dec,
  journal = {Computers \& Fluids},
  series = {Advances in {{Fluid-Structure Interaction}}},
  volume = {141},
  pages = {105--115},
  issn = {0045-7930},
  urldate = {2021-02-05},
  langid = {english}
}

@article{wei2020,
  title = {A {{Naturally Stabilized Semi-Lagrangian Meshfree Formulation}} for {{Multiphase Porous Media}} with {{Application}} to {{Landslide Modeling}}},
  author = {Wei, Haoyan and Chen, Jiun Shyan and Beckwith, Frank and Baek, Jonghyuk},
  year = {2020},
  month = apr,
  journal = {Journal of Engineering Mechanics},
  volume = {146},
  pages = {04020012},
  publisher = {American Society of Civil Engineers},
  issn = {1943-7889},
  urldate = {2021-02-03},
  copyright = {{\copyright}2020 American Society of Civil Engineers},
  langid = {english}
}

@article{wu2011,
  title = {A Generalized Approximation for the Meshfree Analysis of Solids},
  author = {Wu, C. T. and Park, C. K. and Chen, J. S.},
  year = {2011},
  month = feb,
  journal = {International Journal for Numerical Methods in Engineering},
  volume = {85},
  pages = {693--722},
  issn = {00295981},
  langid = {english},
  pmid = {260949200001}
}

@article{wu2012,
  title = {A Meshfree-Enriched Finite Element Method for Compressible and near-Incompressible Elasticity},
  author = {Wu, C.T. and Hu, W. and Chen, J.S.},
  year = {2012},
  month = may,
  journal = {International Journal for Numerical Methods in Engineering},
  volume = {90},
  pages = {882--914},
  issn = {00295981}
}

@article{xu2003,
  title = {Some Observations on {{Babu}}{\textbackslash}vs\vphantom\{\}ka and {{Brezzi}} Theories},
  author = {Xu, Jinchao and Zikatanov, Ludmil},
  year = {2003},
  month = mar,
  journal = {Numerische Mathematik},
  volume = {94},
  pages = {195--202},
  issn = {0029-599X, 0945-3245},
  urldate = {2020-03-10},
  langid = {english}
}

@article{xu2023,
  title = {Stabilization-Free Virtual Element Method for Finite Strain Applications},
  author = {Xu, Bing-Bing and Peng, Fan and Wriggers, Peter},
  year = {2023},
  month = dec,
  journal = {Computer Methods in Applied Mechanics and Engineering},
  volume = {417},
  pages = {116555},
  issn = {0045-7825},
  urldate = {2023-10-23}
}

@article{yi2022,
  title = {Locking-{{Free Enriched Galerkin Method}} for {{Linear Elasticity}}},
  author = {Yi, Son-Young and Lee, Sanghyun and Zikatanov, Ludmil},
  year = {2022},
  month = jan,
  journal = {SIAM Journal on Numerical Analysis},
  volume = {60},
  pages = {52--75},
  publisher = {{Society for Industrial and Applied Mathematics}},
  issn = {0036-1429},
  urldate = {2022-01-17},
  langid = {english}
}
